<?xml version="1.0" encoding="UTF-8"?><collection xmlns="http://www.loc.gov/MARC21/slim"><record><leader>00446nam--2200121-i-4500</leader><controlfield tag="001">000047875</controlfield><controlfield tag="002">20161230</controlfield><controlfield tag="005">20161230201046</controlfield><controlfield tag="008">060222s1000------------r-----000-0-eng-d</controlfield><datafield ind1=" " ind2=" " tag="100"><subfield code="a">Wolf,Robert</subfield></datafield><datafield ind1=" " ind2=" " tag="245"><subfield code="a">Etude de composes contenant la liaison phosphore-hydrogene. synthese, spectrographie infra-rouge, resonance magnetique nucleaire. resonance electronique paramagnetique</subfield></datafield><datafield ind1=" " ind2=" " tag="260"><subfield code="a">Toulouse, La Fac.Des Sc.De L`Univ.,1964. 117 P</subfield></datafield><datafield ind1=" " ind2=" " tag="852"><subfield code="a">22802</subfield></datafield></record></collection>